<?xml version="1.0" encoding="UTF-8"?><collection xmlns="http://www.loc.gov/MARC21/slim"><record><leader>00361nam--2200121-i-4500</leader><controlfield tag="001">000001825</controlfield><controlfield tag="002">20161230</controlfield><controlfield tag="005">20161230201024</controlfield><controlfield tag="008">060222s1000------------r-----000-0-eng-d</controlfield><datafield ind1=" " ind2=" " tag="100"><subfield code="a">Donciu, N., Flondor, D., Simionescu, Gh</subfield></datafield><datafield ind1=" " ind2=" " tag="245"><subfield code="a">Algebra si analiza matematica.culegere de probleme</subfield></datafield><datafield ind1=" " ind2=" " tag="260"><subfield code="a">Bucuresti, Editura Didactica Si Pedag., 1964. 498 P</subfield></datafield><datafield ind1=" " ind2=" " tag="852"><subfield code="a">9874</subfield></datafield></record></collection>